<collection xmlns="http://www.loc.gov/MARC21/slim">
<record>
  <leader>01089nam0a22002291i 450 </leader>
  <controlfield tag="001">IT\ICCU\CNCE\068713</controlfield>
  <controlfield tag="005">20070808000000.0</controlfield>
  <datafield tag="012" ind1=" " ind2=" ">
    <subfield code="a">teo- lia, eat- miso (3) 1600 (R)</subfield>
    <subfield code="2">fei</subfield>
  </datafield>
  <datafield tag="100" ind1=" " ind2=" ">
    <subfield code="a">20061027d1600        0itac0103    ba</subfield>
  </datafield>
  <datafield tag="101" ind1=" " ind2=" ">
    <subfield code="a">ITA</subfield>
  </datafield>
  <datafield tag="102" ind1=" " ind2=" ">
    <subfield code="a">IT</subfield>
  </datafield>
  <datafield tag="200" ind1="1" ind2=" ">
    <subfield code="a">℗La ℗famosissima compagnia della Lesina. Dialogo, capitoli, et ragionamenti</subfield>
  </datafield>
  <datafield tag="210" ind1=" " ind2=" ">
    <subfield code="a">Stampata per ordine de gli otto operaij di detta compagnia</subfield>
    <subfield code="d">1600</subfield>
  </datafield>
  <datafield tag="215" ind1=" " ind2=" ">
    <subfield code="a">80 p.</subfield>
    <subfield code="d">8ʻ</subfield>
  </datafield>
  <datafield tag="300" ind1=" " ind2=" ">
    <subfield code="a">Stampata probabilmente a Orvieto da Antonio Colaldi. Cfr. Agostino e Antonio Colaldi di Cittaducale stampatori a Foligno, Viterbo, Gallese, Orvieto e Ronciglione (Sec. XVI e XVII) in Deputazione abruzzese di storia patria XLII-XLIII, serie VI (1951-1952), p. 140</subfield>
  </datafield>
  <datafield tag="620" ind1=" " ind2=" ">
    <subfield code="a">IT</subfield>
    <subfield code="d">Orvieto</subfield>
  </datafield>
  <datafield tag="710" ind1="0" ind2="2">
    <subfield code="a">Compagnia della Lesina</subfield>
    <subfield code="3">28616</subfield>
  </datafield>
  <datafield tag="712" ind1="0" ind2="0">
    <subfield code="a">Colaldi, Antonio</subfield>
    <subfield code="3">IT\ICCU\CNCT\000832</subfield>
    <subfield code="4">650</subfield>
  </datafield>
  <datafield tag="791" ind1="0" ind2="0">
    <subfield code="a">Colaldus, Antonius</subfield>
    <subfield code="3">IT\ICCU\CNCT\004630</subfield>
    <subfield code="z">Colaldi, Antonio</subfield>
  </datafield>
  <datafield tag="791" ind1="0" ind2="0">
    <subfield code="a">Colaldo, Antonio</subfield>
    <subfield code="3">IT\ICCU\CNCT\004631</subfield>
    <subfield code="z">Colaldi, Antonio</subfield>
  </datafield>
  <datafield tag="801" ind1=" " ind2="3">
    <subfield code="a">IT</subfield>
    <subfield code="b">ICCU</subfield>
    <subfield code="c">20201115</subfield>
  </datafield>
  <datafield tag="899" ind1=" " ind2=" ">
    <subfield code="a">Biblioteca Ambrosiana. Milano</subfield>
    <subfield code="1">MI0133</subfield>
    <subfield code="2">VBA 01</subfield>
  </datafield>
</record>
</collection>
